@misc{pollution_source,
    howpublished = {\url{https://powietrze.gios.gov.pl/pjp/archives}},
    note = {Accessed: 2024-05-23}
}

@misc{weather_source,
    howpublished = {\url{https://danepubliczne.imgw.pl/data/}},
    note = {Accessed: 2024-05-23}
}

@misc{un_air_pollution,
  title = {{UN} How is air quality measured?},
  howpublished = {\url{https://www.unep.org/news-and-stories/story/how-air-quality-measured}},
  note = {Accessed: 2024-05-21}
}

@misc{ozone_rural,
    title = {{IRCEL} Why are ozone concentrations higher in rural areas than in cities? },
    howpublished= {\url{https://www.irceline.be/en/documentation/faq/why-are-ozone-concentrations-higher-in-rural-areas-than-in-cities}},
    note = {Accessed: 2024-05-21}
}